[gd_scene load_steps=10 format=1]

[ext_resource path="res://Node2D.gd" type="Script" id=1]
[ext_resource path="res://Untitled.png" type="Texture" id=2]
[ext_resource path="res://udder.gd" type="Script" id=3]
[ext_resource path="res://cow.png" type="Texture" id=4]
[ext_resource path="res://fly_spawner.gd" type="Script" id=5]
[ext_resource path="res://Fly.tscn" type="PackedScene" id=6]
[ext_resource path="res://sound.wav" type="Sample" id=7]
[ext_resource path="res://sound2.wav" type="Sample" id=8]

[sub_resource type="SampleLibrary" id=1]

samples/sound1 = { "db":0.0, "pitch":1.0, "sample":ExtResource( 7 ) }
samples/sound2 = { "db":0.0, "pitch":1.0, "sample":ExtResource( 8 ) }

[node name="Node2D" type="Node2D"]

script/script = ExtResource( 1 )

[node name="Label" type="Label" parent="."]

rect/scale = Vector2( 2, 2 )
focus/ignore_mouse = true
focus/stop_mouse = true
size_flags/horizontal = 2
size_flags/vertical = 0
margin/left = 0.0
margin/top = 0.0
margin/right = 40.0
margin/bottom = 14.0
text = "sss"
percent_visible = 1.0
lines_skipped = 0
max_lines_visible = -1

[node name="Bag" type="Sprite" parent="."]

transform/pos = Vector2( 360, 853.163 )
transform/scale = Vector2( 6.32829, 0.867033 )
texture = ExtResource( 2 )

[node name="UdderLeft" type="Sprite" parent="."]

transform/pos = Vector2( 261.507, 952 )
transform/scale = Vector2( 1.7, 1 )
texture = ExtResource( 2 )
script/script = ExtResource( 3 )

[node name="UdderRight" type="Sprite" parent="."]

transform/pos = Vector2( 461.507, 952 )
transform/scale = Vector2( 1.7, 1 )
texture = ExtResource( 2 )
script/script = ExtResource( 3 )

[node name="UdderLeft1" type="Sprite" parent="."]

transform/pos = Vector2( 49.8896, 1036.1 )
transform/scale = Vector2( 1.64169, 1.896 )
texture = ExtResource( 2 )
modulate = Color( 0.101563, 0.0809326, 0.0809326, 1 )

[node name="UdderLeft2" type="Sprite" parent="."]

transform/pos = Vector2( 665.987, 1033.65 )
transform/scale = Vector2( 1.64169, 1.896 )
texture = ExtResource( 2 )
modulate = Color( 0.101563, 0.0809326, 0.0809326, 1 )

[node name="Cow" type="Sprite" parent="."]

transform/pos = Vector2( 370.851, 730.315 )
transform/scale = Vector2( 2.51532, 0.413949 )
texture = ExtResource( 4 )

[node name="FlySpawner" type="Node2D" parent="."]

script/script = ExtResource( 5 )
fly_scene = ExtResource( 6 )

[node name="Timer" type="Timer" parent="FlySpawner"]

process_mode = 1
wait_time = 1.0
one_shot = false
autostart = true

[node name="SamplePlayer2D" type="SamplePlayer2D" parent="."]

params/volume_db = 0.0
params/pitch_scale = 1.0
params/attenuation/min_distance = 1.0
params/attenuation/max_distance = 2048.0
params/attenuation/distance_exp = 1.0
config/polyphony = 1
config/samples = SubResource( 1 )
config/pitch_random = 0.0

[node name="CowHp" type="Label" parent="."]

rect/scale = Vector2( 2, 2 )
focus/ignore_mouse = true
focus/stop_mouse = true
size_flags/horizontal = 2
size_flags/vertical = 0
margin/left = 600.0
margin/top = 10.0
margin/right = 654.0
margin/bottom = 24.0
text = "COW HP"
align = 2
percent_visible = 1.0
lines_skipped = 0
max_lines_visible = -1

[connection signal="timeout" from="FlySpawner/Timer" to="FlySpawner" method="_on_Timer_timeout"]
[node name="Label 2" type="Label" parent="."]

rect/scale = Vector2( 2, 2 )
focus/ignore_mouse = true
focus/stop_mouse = true
size_flags/horizontal = 2
size_flags/vertical = 0
margin/left = 600.0
margin/top = 10.0
margin/right = 654.0
margin/bottom = 24.0
text = "COW HP"
align = 2
percent_visible = 1.0
lines_skipped = 0
max_lines_visible = -1

[connection signal="timeout" from="FlySpawner/Timer" to="FlySpawner" method="_on_Timer_timeout"]
